
@inproceedings{he2020masq,
	title={MasQ: RDMA for Virtual Private Cloud},
	author={He, Zhiqiang and Wang, Dongyang and Fu, Binzhang and Tan, Kun and Hua, Bei and Zhang, Zhi-Li and Zheng, Kai},
	booktitle={Proceedings of the Annual conference of the ACM Special Interest Group on Data Communication on the applications, technologies, architectures, and protocols for computer communication},
	pages={1--14},
	year={2020}
}

@inproceedings{kim:2019:freeflow,
	title={FreeFlow: Software-based Virtual $\{$RDMA$\}$ Networking for Containerized Clouds},
	author={Kim, Daehyeok and Yu, Tianlong and Liu, Hongqiang Harry and Zhu, Yibo and Padhye, Jitu and Raindel, Shachar and Guo, Chuanxiong and Sekar, Vyas and Seshan, Srinivasan},
	booktitle={16th $\{$USENIX$\}$ Symposium on Networked Systems Design and Implementation ($\{$NSDI$\}$ 19)},
	pages={113--126},
	year={2019}
}

@article{pfefferle2015hybrid,
	title={A hybrid I/O virtualization framework for RDMA-capable network interfaces},
	author={Pfefferle, Jonas and Stuedi, Patrick and Trivedi, Animesh and Metzler, Bernard and Koltsidas, Ionnis and Gross, Thomas R},
	journal={ACM SIGPLAN Notices},
	volume={50},
	number={7},
	pages={17--30},
	year={2015},
	publisher={ACM New York, NY, USA}
}

